% Encoding: UTF-8

@Article{,
  author  = {Dr. Rubén Estrada Marmolejo},
  title   = {Optoacoplador, que és y como funciona},
  journal = {Universidad de Guadalajara, México},
  year    = {Octubre 2017},
  url     = {https://hetpro-store.com/TUTORIALES/optoacoplador/},
}

@Article{,
  author  = {Frank Mecafenix},
  title   = {¿Que es un relevador y como funciona?},
  journal = {Ingenieria Mecafenix},
  year    = {Abril 2017},
  url     = {https://www.ingmecafenix.com/electricidad-industrial/relevador/#targetText=Un%20relevador%20funciona%20como%20un,cerrar%20otros%20circuitos%20el%C3%A9ctricos%20independientes.},
}

@Comment{jabref-meta: databaseType:bibtex;}
