% Encoding: UTF-8

@InBook{,
  chapter   = {Capitulo 1},
  pages     = {52 Paginas},
  title     = {REGULACIÓN, CONTROL Y PROTECCIÓN DE MÁQUINAS ELÉCTRICAS},
  publisher = {Universidad de Cantabria},
  year      = {2016},
  author    = {Mario Mañana Canteli},
  editor    = {Escuela Técnica Superior de Ingenieros Industriales y de Telecomunicación},
}

@Comment{jabref-meta: databaseType:bibtex;}
